<?xml version="1.0" encoding="UTF-8"?><collection xmlns="http://www.loc.gov/MARC21/slim"><record><leader>00517nam--2200193-i-4500</leader><controlfield tag="001">000004727</controlfield><controlfield tag="002">20161230</controlfield><controlfield tag="005">20161230201026</controlfield><controlfield tag="008">060222s1000------------r-----000-0-fre-d</controlfield><datafield ind1=" " ind2=" " tag="040"><subfield code="a">IFIN-HH</subfield></datafield><datafield ind1=" " ind2=" " tag="041"><subfield code="a">fre</subfield></datafield><datafield ind1=" " ind2=" " tag="080"><subfield code="a">53</subfield></datafield><datafield ind1="1" ind2=" " tag="100"><subfield code="a">Dugas, Rene</subfield></datafield><datafield ind1="1" ind2="0" tag="245"><subfield code="a">Histoire de la mecanique. preface de louis de groglie</subfield></datafield><datafield ind1=" " ind2=" " tag="260"><subfield code="a">Paris</subfield><subfield code="b">Editions Dunod</subfield><subfield code="c">1950</subfield></datafield><datafield ind1=" " ind2=" " tag="300"><subfield code="a">649P</subfield></datafield><datafield ind1=" " ind2=" " tag="490"><subfield code="a">Biblioteque Scientifique. Vol. 16. Phylosophie Et Histoire</subfield></datafield><datafield ind1=" " ind2=" " tag="852"><subfield code="a">14498</subfield><subfield code="c">53.01</subfield></datafield><datafield ind1=" " ind2=" " tag="CAT"><subfield code="a">Sys</subfield><subfield code="c">20151013</subfield><subfield code="h">084907</subfield></datafield></record></collection>